@article{slidedesign,
  title   = {スライドデザインのススメ},
  author  = {山本さん},
  journal = {スゴいジャーナル},
  year    = {2020},
  url     = {https://www.ueda.info.waseda.ac.jp/localpage/seminars/wiki/index.php?plugin=attach&refer=Schedule%2F2020Autumn&openfile=yamamoto_slidedesign.pdf},
  volume  = {8},
  number  = {2},
  pages   = {173--202},
}


@article{tikz-nakata,
  title   = {スライドで使った tikz},
  author  = {中田くん},
  journal = {てぃっくすジャーナル},
  year    = {2020},
  url     = {https://www.ueda.info.waseda.ac.jp/lmntal/local/index.php?plugin=attach&refer=nakata&openfile=tikz.pdf},
  volume  = {8},
  number  = {2},
  pages   = {173--202},
}

@online{beamerguide,
  author = {Till Tantau, Joseph Wright, Vedran Miletić},
  title = {The beamer class},
  subtitle = {User Guide for version 3.60},
  year = {2020},
  day = {14},
  month = {12},
  url = {http://tug.ctan.org/macros/latex/contrib/beamer/doc/beameruserguide.pdf},
  urldate = {2021-02-03}
}
